<record><leader>00000cas a22000007a 4500</leader><controlfield tag="001">34728392</controlfield><controlfield tag="008">960514d1861186unyuwr ne      0    0eng d</controlfield><datafield ind1=" " ind2=" " tag="010"><subfield code="a">sn 96083520 </subfield></datafield><datafield ind1=" " ind2=" " tag="040"><subfield code="a">NYS</subfield><subfield code="b">eng</subfield><subfield code="c">NYS</subfield><subfield code="d">OCL</subfield><subfield code="d">OCLCF</subfield><subfield code="d">OCLCO</subfield></datafield><datafield ind1="1" ind2=" " tag="029"><subfield code="a">AU@</subfield><subfield code="b">000012500950</subfield></datafield><datafield ind1=" " ind2=" " tag="042"><subfield code="a">msc</subfield></datafield><datafield ind1="0" ind2="0" tag="245"><subfield code="a">Republican watchman and Jeffersonian Democrat.</subfield></datafield><datafield ind1="0" ind2="0" tag="246"><subfield code="a">Watchman &amp; Democrat</subfield></datafield><datafield ind1="0" ind2="0" tag="246"><subfield code="a">Watchman and Democrat</subfield></datafield><datafield ind1=" " ind2=" " tag="260"><subfield code="a">Monticello, NY :</subfield><subfield code="b">James E. Quinlan,</subfield><subfield code="c">1861-</subfield></datafield><datafield ind1=" " ind2=" " tag="300"><subfield code="a">v.</subfield></datafield><datafield ind1=" " ind2=" " tag="310"><subfield code="a">Weekly</subfield></datafield><datafield ind1="0" ind2=" " tag="362"><subfield code="a">No. 84 (Feb. 13, 1861)-    = no. 1709-</subfield></datafield><datafield ind1=" " ind2="0" tag="651"><subfield code="a">Monticello (Sullivan County, N.Y.)</subfield><subfield code="v">Newspapers.</subfield></datafield><datafield ind1=" " ind2="0" tag="651"><subfield code="a">Sullivan County (N.Y.)</subfield><subfield code="v">Newspapers.</subfield></datafield><datafield ind1=" " ind2="7" tag="655"><subfield code="a">Newspapers.</subfield><subfield code="2">fast</subfield><subfield code="0">(OCoLC)fst01423814</subfield></datafield><datafield ind1=" " ind2="7" tag="651"><subfield code="a">New York (State)</subfield><subfield code="z">Monticello (Sullivan County)</subfield><subfield code="2">fast</subfield><subfield code="0">(OCoLC)fst01313540</subfield></datafield><datafield ind1=" " ind2="7" tag="651"><subfield code="a">New York (State)</subfield><subfield code="z">Sullivan County.</subfield><subfield code="2">fast</subfield><subfield code="0">(OCoLC)fst01207504</subfield></datafield><datafield ind1=" " ind2=" " tag="752"><subfield code="a">United States</subfield><subfield code="b">New York</subfield><subfield code="c">Sullivan</subfield><subfield code="d">Monticello.</subfield></datafield><datafield ind1="0" ind2="0" tag="780"><subfield code="t">Republican watchman (Monticello, N.Y. : 1828)</subfield><subfield code="w">(DLC)sn 83031367</subfield><subfield code="w">(OCoLC)9860849</subfield></datafield><datafield ind1="0" ind2="0" tag="785"><subfield code="t">Republican watchman (Monticello, N.Y. : 1866)</subfield><subfield code="w">(DLC)sn 96083521</subfield><subfield code="w">(OCoLC)34729180</subfield></datafield></record>